% Encoding: UTF-8

@Article{Zwicky2008,
  author    = {F. Zwicky},
  journal   = {General Relativity and Gravitation},
  title     = {Republication of: The redshift of extragalactic nebulae},
  year      = {2008},
  month     = {nov},
  number    = {1},
  pages     = {207--224},
  volume    = {41},
  doi       = {10.1007/s10714-008-0707-4},
  publisher = {Springer Science and Business Media {LLC}},
}

@Article{Hubble1931,
  author    = {Edwin Hubble and Milton L. Humason},
  journal   = {The Astrophysical Journal},
  title     = {The Velocity-Distance Relation among Extra-Galactic Nebulae},
  year      = {1931},
  month     = {jul},
  pages     = {43},
  volume    = {74},
  doi       = {10.1086/143323},
  publisher = {American Astronomical Society},
}

@Article{Penzias1965,
  author    = {A. A. Penzias and R. W. Wilson},
  journal   = {The Astrophysical Journal},
  title     = {A Measurement of Excess Antenna Temperature at 4080 Mc/s.},
  year      = {1965},
  month     = {jul},
  pages     = {419},
  volume    = {142},
  doi       = {10.1086/148307},
  publisher = {American Astronomical Society},
}

@Article{Swart2017,
  author    = {J. G. de Swart and G. Bertone and J. van Dongen},
  journal   = {Nature Astronomy},
  title     = {How dark matter came to matter},
  year      = {2017},
  month     = {mar},
  number    = {3},
  volume    = {1},
  url       = {https://doi.org/10.1038/s41550-017-0059},
  publisher = {Springer Science and Business Media {LLC}},
}

@Article{EHT2019,
	author    = {Akiyama, Kazunori and others},
	journal   = {The Astrophysical Journal},
	title     = {First M87 Event Horizon Telescope Results. I. The Shadow of the Supermassive Black Hole},
	year      = {2019},
	volume    = {875},
	url       = {https://iopscience.iop.org/article/10.3847/2041-8213/ab0ec7},
}

@Article{Penrose1971,
  author    = {Penrose, R. and Floyd, R. M.},
  journal   = {Nature Physical Science},
  title     = {Extraction of Rotational Energy from a Black Hole},
  year      = {1971},
  month     = {feb},
  number    = {6},
  pages     = {177--179},
  volume    = {229},
  doi       = {10.1038/physci229177a0},
  publisher = {Springer Science and Business Media {LLC}},
}

@Article{Hawking1975,
  author    = {S. W. Hawking},
  journal   = {Communications In Mathematical Physics},
  title     = {Particle creation by black holes},
  year      = {1975},
  month     = {aug},
  number    = {3},
  pages     = {199--220},
  volume    = {43},
  doi       = {10.1007/bf02345020},
  publisher = {Springer Science and Business Media {LLC}},
}

@Comment{jabref-meta: databaseType:bibtex;}
